<?xml version="1.0" encoding="UTF-8"?><record xmlns="http://www.loc.gov/MARC21/slim" xmlns:cinclude="http://apache.org/cocoon/include/1.0" xmlns:zs="http://www.loc.gov/zing/srw/">
  <leader>00471nz  a2200145n  4500</leader>
  <controlfield tag="001">no 99024753 </controlfield>
  <controlfield tag="003">DLC</controlfield>
  <controlfield tag="005">19990409053443.9</controlfield>
  <controlfield tag="008">990408n| acannaab|          |n aaa     c</controlfield>
  <datafield tag="010" ind1=" " ind2=" ">
    <subfield code="a">no 99024753 </subfield>
  </datafield>
  <datafield tag="035" ind1=" " ind2=" ">
    <subfield code="a">(OCoLC)oca04961225 </subfield>
  </datafield>
  <datafield tag="040" ind1=" " ind2=" ">
    <subfield code="a">NjP</subfield>
    <subfield code="c">NjP</subfield>
  </datafield>
  <datafield tag="100" ind1="1" ind2=" ">
    <subfield code="a">Brooks, Cecil</subfield>
  </datafield>
  <datafield tag="670" ind1=" " ind2=" ">
    <subfield code="a">Dimensional odyssey, c1995:</subfield>
    <subfield code="b">container (Cecil Brooks, trumpet) insert (formerly of the Sun Ra Arkestra)</subfield>
  </datafield>
  <datafield tag="675" ind1=" " ind2=" ">
    <subfield code="a">New Grove dict. of jazz;</subfield>
    <subfield code="a">All-music guide WWW site, Mar. 29, 1999</subfield>
  </datafield>
</record>